@article{scholarflow2025,
  author    = {Md. Atikur Rahaman and Salman},
  title     = {ScholarFlow: AI-Powered Research Paper Collaboration Hub},
  journal   = {GitHub Repository},
  year      = {2025},
  url       = {https://github.com/Atik203/Scholar-Flow}
}

@misc{nextjs2025,
  author    = {Vercel},
  title     = {Next.js 15 Documentation},
  year      = {2025},
  url       = {https://nextjs.org/docs}
}

@misc{prisma2025,
  author    = {Prisma Data Inc.},
  title     = {Prisma ORM Documentation},
  year      = {2025},
  url       = {https://www.prisma.io/docs}
}

@misc{gemini2025,
  author    = {Google},
  title     = {Gemini AI Documentation},
  year      = {2025},
  url       = {https://ai.google.dev/docs}
}
